@article{zhou2023,
  title={A Survey on Post-Quantum Cryptography for 5G/6G Communications},
  author={Zhou, Rongjie and Guo, Huaqun and Teo, Francis E. C. and Bakiras, Spiridon},
  journal={IEEE International Conference on Social Implications of Computational Intelligence (SOLI)},
  year={2023},
  doi={10.1109/SOLI60636.2023.10425346},
  abstract={This survey explores the potential of Post-Quantum Cryptography (PQC) algorithms as viable alternatives for securing mobile communications.}
}

@article{scalise2024,
  title={An Applied Analysis of Securing 5G/6G Core Networks with Post-Quantum Key Encapsulation Methods},
  author={Scalise, Paul and Serramito Garc{\'i}a, Ram{\'o}n and Boeding, Matthew and Hempel, Michael and Sharif, Hamid},
  journal={Electronics},
  volume={13},
  number={21},
  pages={4258},
  year={2024},
  publisher={MDPI},
  doi={10.3390/electronics13214258},
  abstract={This paper covers a custom implementation of the open-source free5GC CN, to expand its HTTPS capabilities for VNFs by introducing PQC Key Encapsulation Methods.}
}

@inproceedings{partala2021,
  title={Post-quantum cryptography in 6G},
  author={Partala, Juha},
  booktitle={6G: The Next Frontier},
  pages={359--374},
  year={2021},
  publisher={Cambridge University Press},
  doi={10.1017/9781009049534.020},
  abstract={The quantum computing paradigm is fundamentally different... [from ACM snippet]}
}

@article{nguyen2024,
  title={Security in post-quantum era: A comprehensive survey on lattice-based algorithms},
  author={Nguyen, H and Huda, S and Nogami, Y and Nguyen, TT},
  journal={IEEE Access},
  year={2024},
  doi={10.1109/ACCESS.2024.3423456},
  abstract={Lattice-based post-quantum cryptography has attracted significant attention...}
}

@article{cebe2024,
  title={Exploring post
